@article{Oluwafemi2012,
author = {Alabi, Oluwafemi S. and Wu, Xunlei and Harter, Jonathan M. and Phadke, Madhura and Pinto, Lifford and Petersen, Hannah and Bass, Steffen and Keifer, Michael and Zhong, Sharon and Healey, Chris and Taylor II, Russell M.},
title = {Comparative visualization of ensembles using ensemble surface slicing},
volume = {},
number = {},
pages = {82940U-82940U-12},
year = {2012},
doi = {10.1117/12.908288},
URL = { + http://dx.doi.org/10.1117/12.908288},
eprint = {}
}